<record><leader>00000cas a2200000 a 4500</leader><controlfield tag="001">10833258</controlfield><controlfield tag="008">840612d18941895ksudr ne      0   a0eng d</controlfield><datafield ind1=" " ind2=" " tag="010"><subfield code="a">sn 84029152 </subfield></datafield><datafield ind1=" " ind2=" " tag="040"><subfield code="a">KSH</subfield><subfield code="b">eng</subfield><subfield code="c">KSH</subfield><subfield code="d">NPT</subfield><subfield code="d">OCL</subfield><subfield code="d">OCLCQ</subfield></datafield><datafield ind1=" " ind2=" " tag="042"><subfield code="a">msc</subfield></datafield><datafield ind1="0" ind2=" " tag="130"><subfield code="a">Daily world (Girard, Kan.)</subfield></datafield><datafield ind1="1" ind2="4" tag="245"><subfield code="a">The daily world.</subfield></datafield><datafield ind1="3" ind2="0" tag="246"><subfield code="a">Girard daily world</subfield></datafield><datafield ind1=" " ind2=" " tag="260"><subfield code="a">Girard, Kan. :</subfield><subfield code="b">World Co.,</subfield><subfield code="c">1894-1895.</subfield></datafield><datafield ind1=" " ind2=" " tag="300"><subfield code="a">2 v.</subfield></datafield><datafield ind1=" " ind2=" " tag="310"><subfield code="a">Daily</subfield></datafield><datafield ind1="0" ind2=" " tag="362"><subfield code="a">Vol. 6, no. 1 (Jan. 1, 1894)-v. 7, no. 269 (Nov. 9, 1895).</subfield></datafield><datafield ind1=" " ind2=" " tag="500"><subfield code="a">Published as: Girard daily world, Jan. 1-Nov. 9, 1895.</subfield></datafield><datafield ind1=" " ind2=" " tag="752"><subfield code="a">United States</subfield><subfield code="b">Kansas</subfield><subfield code="c">Crawford</subfield><subfield code="d">Girard.</subfield></datafield><datafield ind1="0" ind2="0" tag="780"><subfield code="t">Daily world (Pittsburg, Kan.)</subfield><subfield code="w">(DLC)sn 84029244</subfield></datafield></record>